@online{rbi21,
  author={RBI},
  title={Annual Report of the RBI for the Year 2020-21},
  year=2021,
  url={https://www.rbi.org.in/Scripts/AnnualReportPublications.aspx?year=2021}
}

@online{bcc17,
  author={BCC Research},
  title={Technologies for Assessing Risk Management: Global Markets},
  year=2017,
  url={https://www.marketresearch.com/BCC-Research-v374/Technologies-Assessing-Risk-Management-Global-10564858/}
}

@online{rbi20,
  author={RBI},
  title={Report on Trend and Progress of Banking in India, RBI, December 2020},
  year=2020,
  url={https://rbi.org.in/scripts/AnnualPublications.aspx?head=Trend\%20and\%20Progress\%20of\%20Banking\%20in\%20India}
}

@book{bessis2011risk,
  title={Risk management in banking},
  author={Bessis, Joel},
  year={2011},
  publisher={John Wiley \& Sons}
}

@article{kanchu2013risk,
  title={Risk management in banking sector--an empirical study},
  author={Kanchu, Thirupathi and Kumar, M Manoj},
  journal={International journal of marketing, financial services \& management research},
  volume={2},
  number={2},
  pages={145--153},
  year={2013}
}

@article{jupudi:2018,
author = {Jupudi, Lakshmi},
year = {2018},
month = {01},
pages = {3},
title = {Machine learning techniques using python for data analysis in performance evaluation},
volume = {17},
journal = {International Journal of Intelligent Systems Technologies and Applications},
doi = {10.1504/IJISTA.2018.10012853}
}

@article{alaliyat:2021,
author = {Alaliyat, Saleh},
year = {2021},
month = {10},
pages = {},
title = {Video -based Fall Detection in Elderly's Houses}
}

@article{ruiz:2014,
AUTHOR = {Ruiz-Gonzalez, Ruben and Gomez-Gil, Jaime and Gomez-Gil, Francisco Javier and Martínez-Martínez, Víctor},
TITLE = {An SVM-Based Classifier for Estimating the State of Various Rotating Components in Agro-Industrial Machinery with a Vibration Signal Acquired from a Single Point on the  Machine Chassis},
JOURNAL = {Sensors},
VOLUME = {14},
YEAR = {2014},
NUMBER = {11},
PAGES = {20713--20735},
URL = {https://www.mdpi.com/1424-8220/14/11/20713},
PubMedID = {25372618},
ISSN = {1424-8220},
DOI = {10.3390/s141120713}
}





@article{jorion2000value,
  title={Value at risk},
  author={Jorion, Philippe},
  year={2000},
  publisher={McGraw-Hill Professional Publishing}
}

@article{tavana2018artificial,
  title={An Artificial Neural Network and Bayesian Network model for liquidity risk assessment in banking},
  author={Tavana, Madjid and Abtahi, Amir-Reza and Di Caprio, Debora and Poortarigh, Maryam},
  journal={Neurocomputing},
  volume={275},
  pages={2525--2554},
  year={2018},
  publisher={Elsevier}
}

@article{bellotti2009support,
  title={Support vector machines for credit scoring and discovery of significant features},
  author={Bellotti, Tony and Crook, Jonathan},
  journal={Expert systems with applications},
  volume={36},
  number={2},
  pages={3302--3308},
  year={2009},
  publisher={Elsevier}
}

@article{tsai2008using,
  title={Using neural network ensembles for bankruptcy prediction and credit scoring},
  author={Tsai, Chih-Fong and Wu, Jhen-Wei},
  journal={Expert systems with applications},
  volume={34},
  number={4},
  pages={2639--2649},
  year={2008},
  publisher={Elsevier}
}

@article{harris2015credit,
  title={Credit scoring using the clustered support vector machine},
  author={Harris, Terry},
  journal={Expert Systems with Applications},
  volume={42},
  number={2},
  pages={741--750},
  year={2015},
  publisher={Elsevier}
}

@article{yigit:2013,
author = {Yigit, Tuncay and Ersoy, Mevlüt},
year = {2013},
month = {01},
pages = {621-627},
title = {The Testing of Wireless Local Area Network with ANN},
volume = {4},
journal = {Global Journal on Technology}
}

@inproceedings{cheng:2014,
  title={Fisher Linear Discriminant Analysis},
  author={Cheng Li},
  year={2014}
}

@inproceedings{li2002neural,
  title={Neural network credit-risk evaluation model based on back-propagation algorithm},
  author={Li, Rong-Zhou and Pang, Su-Lin and Xu, Jian-Min},
  booktitle={Proceedings. International Conference on Machine Learning and Cybernetics},
  volume={4},
  pages={1702--1706},
  year={2002},
  organization={IEEE}
}

@inproceedings{hu2006ann,
  title={Ann-Based Credit Risk Identificaion and Control for Commercial Banks},
  author={Hu, Xin-yue and Tang, Yong-li},
  booktitle={2006 International Conference on Machine Learning and Cybernetics},
  pages={3110--3114},
  year={2006},
  organization={IEEE}
}

@article{wang2005new,
  title={A new fuzzy support vector machine to evaluate credit risk},
  author={Wang, Yongqiao and Wang, Shouyang and Lai, Kin Keung},
  journal={IEEE Transactions on Fuzzy Systems},
  volume={13},
  number={6},
  pages={820--831},
  year={2005},
  publisher={IEEE}
}

@article{angelini2008neural,
  title={A neural network approach for credit risk evaluation},
  author={Angelini, Eliana and Di Tollo, Giacomo and Roli, Andrea},
  journal={The quarterly review of economics and finance},
  volume={48},
  number={4},
  pages={733--755},
  year={2008},
  publisher={Elsevier}
}

@article{zhang2017calculating,
  title={Calculating Value-at-Risk for high-dimensional time series using a nonlinear random mapping model},
  author={Zhang, Heng-Guo and Su, Chi-Wei and Song, Yan and Qiu, Shuqi and Xiao, Ran and Su, Fei},
  journal={Economic Modelling},
  volume={67},
  pages={355--367},
  year={2017},
  publisher={Elsevier}
}

@article{bollerslev1986generalized,
  title={Generalized autoregressive conditional heteroskedasticity},
  author={Bollerslev, Tim},
  journal={Journal of econometrics},
  volume={31},
  number={3},
  pages={307--327},
  year={1986},
  publisher={Elsevier}
}

@article{tavana2018artificial,
  title={An Artificial Neural Network and Bayesian Network model for liquidity risk assessment in banking},
  author={Tavana, Madjid and Abtahi, Amir-Reza and Di Caprio, Debora and Poortarigh, Maryam},
  journal={Neurocomputing},
  volume={275},
  pages={2525--2554},
  year={2018},
  publisher={Elsevier}
}

@article{sudjianto2010statistical,
  title={Statistical methods for fighting financial crimes},
  author={Sudjianto, Agus and Nair, Sheela and Yuan, Ming and Zhang, Aijun and Kern, Daniel and Cela-D{\'\i}az, Fernando},
  journal={Technometrics},
  volume={52},
  number={1},
  pages={5--19},
  year={2010},
  publisher={Taylor \& Francis}
}

@article{villalobos2017statistical,
  title={A statistical and machine learning model to detect money laundering: an application},
  author={Villalobos, Miguel Agust{\'\i}n and Silva, Eliud},
  journal={Actuarial Sci. Dept. Anahuac Univ., Tech. Rep},
  year={2017}
}

@article{bolton2001peer,
  title={Peer group analysis--local anomaly detection in longitudinal data},
  author={Bolton, Richard J and Hand, David J},
  journal={Technical Report},
  year={2001},
  publisher={Citeseer}
}

@article{japkowicz2002class,
  title={The class imbalance problem: A systematic study},
  author={Japkowicz, Nathalie and Stephen, Shaju},
  journal={Intelligent data analysis},
  volume={6},
  number={5},
  pages={429--449},
  year={2002},
  publisher={IOS Press}
}

@article{dierckx2020using,
  title={Using Machine Learning and Alternative Data to Predict Movements in Market Risk},
  author={Dierckx, Thomas and Davis, Jesse and Schoutens, Wim},
  journal={arXiv preprint arXiv:2009.07947},
  year={2020}
}

@inproceedings{yang2009density,
  title={Density Function Estimation Based on SVM: An Application in Estimating Liquidity Risk in Stock Market},
  author={Yang, Yiwen and Zhang, Chenxi},
  booktitle={2009 International Conference on Computational Intelligence and Software Engineering},
  pages={1--5},
  year={2009},
  organization={IEEE}
}
